@ARTICLE{2012ApJ...753....9V,
       author = {{van der Marel}, Roeland P. and {Besla}, Gurtina and {Cox}, T.~J. and
         {Sohn}, Sangmo Tony and {Anderson}, Jay},
        title = "{The M31 Velocity Vector. III. Future Milky Way M31-M33 Orbital Evolution, Merging, and Fate of the Sun}",
      journal = {\apj},
     keywords = {galaxies: individual: M31, galaxies: kinematics and dynamics, Local Group, proper motions, Astrophysics - Galaxy Astrophysics},
         year = 2012,
        month = jul,
       volume = {753},
       number = {1},
          eid = {9},
        pages = {9},
          doi = {10.1088/0004-637X/753/1/9},
archivePrefix = {arXiv},
       eprint = {1205.6865},
 primaryClass = {astro-ph.GA},
       adsurl = {https://ui.adsabs.harvard.edu/abs/2012ApJ...753....9V},
      adsnote = {Provided by the SAO/NASA Astrophysics Data System}
}

@ARTICLE{2007MNRAS.381..987C,
       author = {{Choi}, Jun-Hwan and {Weinberg}, Martin D. and {Katz}, Neal},
        title = "{The dynamics of tidal tails from massive satellites}",
      journal = {\mnras},
     keywords = {methods: N-body simulations, methods: numerical, galaxies: evolution, galaxies: haloes, galaxies: interaction, galaxies: kinematics and dynamics, Astrophysics},
         year = 2007,
        month = nov,
       volume = {381},
       number = {3},
        pages = {987-1000},
          doi = {10.1111/j.1365-2966.2007.12313.x},
archivePrefix = {arXiv},
       eprint = {astro-ph/0702353},
 primaryClass = {astro-ph},
       adsurl = {https://ui.adsabs.harvard.edu/abs/2007MNRAS.381..987C},
      adsnote = {Provided by the SAO/NASA Astrophysics Data System}
}

@INPROCEEDINGS{2006AAS...208.4803G,
       author = {{Grillmair}, Carl J. and {Dionatos}, O.},
        title = "{Discovery of a 63 Degree Tidal Stream in the Galactic Halo}",
    booktitle = {American Astronomical Society Meeting Abstracts \#208},
         year = 2006,
       series = {American Astronomical Society Meeting Abstracts},
       volume = {208},
        month = jun,
          eid = {48.03},
        pages = {48.03},
       adsurl = {https://ui.adsabs.harvard.edu/abs/2006AAS...208.4803G},
      adsnote = {Provided by the SAO/NASA Astrophysics Data System}
}

@INPROCEEDINGS{2010AAS...21535401G,
       author = {{Guhathakurta}, Puragra and {Beaton}, R. and {Bullock}, J. and
         {Chiba}, M. and {Fardal}, M. and {Geha}, M. and {Gilbert}, K. and
         {Howley}, K. and {Iye}, M. and {Johnston}, K. and {Kalirai}, J. and
         {Kirby}, E. and {Komiyama}, Y. and {Majewski}, S. and {Patterson}, R. and
         {Tanaka}, M. and {Tollerud}, E. and {SPLASH Collaboration}},
        title = "{The SPLASH Survey: Spectroscopy of Newly Discovered Tidal Streams in the Outer Halo of the Andromeda Galaxy}",
    booktitle = {American Astronomical Society Meeting Abstracts \#215},
         year = 2010,
       series = {American Astronomical Society Meeting Abstracts},
       volume = {215},
        month = jan,
          eid = {354.01},
        pages = {354.01},
       adsurl = {https://ui.adsabs.harvard.edu/abs/2010AAS...21535401G},
      adsnote = {Provided by the SAO/NASA Astrophysics Data System}
}


@INPROCEEDINGS{2018AAS...23121203P,
       author = {{Pearson}, Sarah},
        title = "{Stellar streams and the galaxies they reside in}",
    booktitle = {American Astronomical Society Meeting Abstracts \#231},
         year = 2018,
       series = {American Astronomical Society Meeting Abstracts},
       volume = {231},
        month = jan,
          eid = {212.03},
        pages = {212.03},
       adsurl = {https://ui.adsabs.harvard.edu/abs/2018AAS...23121203P},
      adsnote = {Provided by the SAO/NASA Astrophysics Data System}
}


@ARTICLE{2017MNRAS.464.2882A,
       author = {{Amorisco}, N.~C.},
        title = "{Contributions to the accreted stellar halo: an atlas of stellar deposition}",
      journal = {\mnras},
     keywords = {Galaxy: halo, galaxies: evolution, galaxies: interactions, galaxies: kinematics and dynamics, galaxies: structure, Astrophysics - Astrophysics of Galaxies},
         year = 2017,
        month = jan,
       volume = {464},
       number = {3},
        pages = {2882-2895},
          doi = {10.1093/mnras/stw2229},
archivePrefix = {arXiv},
       eprint = {1511.08806},
 primaryClass = {astro-ph.GA},
       adsurl = {https://ui.adsabs.harvard.edu/abs/2017MNRAS.464.2882A},
      adsnote = {Provided by the SAO/NASA Astrophysics Data System}
}